@article{nakamoto2008bitcoin,
  title={Bitcoin: A peer-to-peer electronic cash system},
  author={Nakamoto, Satoshi},
  year={2008}
}

@techreport{chorzempa2018china,
  title={Chinaâ€™s Social Credit System: A Mark of Progress or a Threat to Privacy?},
  author={Chorzempa, Martin and Triolo, Paul and Sacks, Samm and others},
  year={2018}
}

@article{liang2018constructing,
  title={Constructing a Data-Driven Society: China's Social Credit System as a State Surveillance Infrastructure},
  author={Liang, Fan and Das, Vishnupriya and Kostyuk, Nadiya and Hussain, Muzammil M},
  journal={Policy \& Internet},
  year={2018},
  publisher={Wiley Online Library}
}

@book{swan2015blockchain,
  title={Blockchain: Blueprint for a new economy},
  author={Swan, Melanie},
  year={2015},
  publisher={" O'Reilly Media, Inc."}
}

@article{szabo1997formalizing,
  title={Formalizing and securing relationships on public networks},
  author={Szabo, Nick},
  journal={First Monday},
  volume={2},
  number={9},
  year={1997}
}

@article{xu2018smartcac,
  title={BlendCAC: A Smart Contract Enabled Decentralized Capability-Based Access Control Mechanism for the IoT},
  author={Xu, Ronghua and Chen, Yu and Blasch, Erik and Chen, Genshe },
  journal={Computers 2018, 7(3), 39; Access on: http://www.mdpi.com/2073-431X/7/3/39},
  year={2018}
}

@inproceedings{xu2018blendcac,
  title={BlendCAC: A BLockchain-ENabled Decentralized Capability-based Access Control for IoTs},
  author={Xu., Ronghua and Chen, Yu and Blasch, Erik and Chen, Genshe},
  booktitle={the IEEE International Conference on Blockchain, Selected Areas in IoT and Blockchain},
  year={2018},
  organization={IEEE}
}

@article{hammi2018bubbles,
  title={Bubbles of Trust: A decentralized blockchain-based authentication system for IoT},
  author={Hammi, Mohamed Tahar and Hammi, Badis and Bellot, Patrick and Serhrouchni, Ahmed},
  journal={Computers \& Security},
  volume={78},
  pages={126--142},
  year={2018},
  publisher={Elsevier}
}

@article{nagothu2018microservice,
  title={A Microservice-enabled Architecture for Smart Surveillance using Blockchain Technology},
  author={Nagothu, Deeraj and Xu, Ronghua and Nikouei, Seyed Yahya and Chen, Yu},
  journal={arXiv preprint arXiv:1807.07487},
  year={2018}
}

@article{nikouei2018real,
  title={Real-Time Index Authentication for Event-Oriented Surveillance Video Query using Blockchain},
  author={Nikouei, Seyed Yahya and Xu, Ronghua and Nagothu, Deeraj and Chen, Yu and Aved, Alexander and Blasch, Erik},
  journal={arXiv preprint arXiv:1807.06179},
  year={2018}
}

@article{wang2018didi,
  title={China's Didi Chuxing Faces Intense Pressure Amid Public Anger Over Second Passenger Death},
  author={Wang, Yue and Olsen, Robert},
  journal = "\url{https://www.forbes.com/sites/ywang/2018/09/01/chinas-didi-chuxing-faces-intense-pressure-amid-public-anger-over-second-passenger-death/\#6d4bf787a6d0}",
  year={2018}
}

@article{obrien2018cnn,
  title={CNN investigation: 103 Uber drivers accused of sexual assault or abuse},
  author={O'Brien, Sara Ashley and Black, Nelli and Devine, Curt and Griffin, Drew},
  journal = "\url{https://money.cnn.com/2018/04/30/technology/uber-driver-sexual-assault/index.html}",
  year={2018}
}

@article{selby2018vaccine,
  title={How a Fake Vaccine Scandal in China Is Causing a Crisis of Confidence},
  author={Selby, Daniele},
  journal = "\url{https://www.globalcitizen.org/en/content/china-fake-vaccine-rabies-scandal-dpt/}",
  year={2018}
}

@article{cahn2011time,
  title={Time banking: An idea whose time has come},
  author={Cahn, Edgar},
  journal={Yes Magazine},
  year={2011}
}

@book{cahn2000no,
  title={No more throw-away people: The co-production imperative},
  author={Cahn, Edgar S},
  year={2000},
  publisher={Edgar Cahn}
}

@inproceedings{carroll2013co,
  title={Co-production scenarios for mobile time banking},
  author={Carroll, John M},
  booktitle={International Symposium on End User Development},
  pages={137--152},
  year={2013},
  organization={Springer}
}

@misc{TimeBanksUSA,
    author = {},
    title = {{TimeBanks USA}},
    howpublished = "\url{http://timebanks.org/}", 
    note = "accessed September 3, 2018" }
    
@inproceedings{bellotti2014towards,
  title={Towards community-centered support for peer-to-peer service exchange: rethinking the timebanking metaphor},
  author={Bellotti, Victoria ME and Cambridge, Sara and Hoy, Karen and Shih, Patrick C and Handalian, Lisa Renery and Han, Kyungsik and Carroll, John M},
  booktitle={Proceedings of the SIGCHI Conference on Human Factors in Computing Systems},
  pages={2975--2984},
  year={2014},
  organization={ACM}
}